@misc{Star, 
    title={This completely changed the way I see numbers | Modular Arithmetic Visually Explained}, 
    url={https://www.youtube.com/watch?v=lJ3CD9M3nEQ}, 
    publisher={YouTube}, 
    author={Zach Star}, 
    year={2019}, 
    month={Aug.} 
}

@MISC {stack,
    TITLE = {Let $p$ be prime not equal to 2 or 5. Show $p^2+1$ or $p^2-1$ is divisible by 10.},
    AUTHOR = {lisyarus (https://math.stackexchange.com/users/135314/lisyarus)},
    HOWPUBLISHED = {Mathematics Stack Exchange},
    NOTE = {URL:https://math.stackexchange.com/q/1492564 (version: 2015-10-22)},
    EPRINT = {https://math.stackexchange.com/q/1492564},
    URL = {https://math.stackexchange.com/q/1492564}
}
